<record><leader>00000cas a22000007a 4500</leader><controlfield tag="001">20728135</controlfield><controlfield tag="008">891204d19061913aruwr ne      0    0eng d</controlfield><datafield ind1=" " ind2=" " tag="010"><subfield code="a">sn 89051444 </subfield></datafield><datafield ind1=" " ind2=" " tag="040"><subfield code="a">ANU</subfield><subfield code="b">eng</subfield><subfield code="c">ANU</subfield><subfield code="d">OCLCQ</subfield></datafield><datafield ind1=" " ind2=" " tag="042"><subfield code="a">msc</subfield></datafield><datafield ind1="0" ind2=" " tag="130"><subfield code="a">Ozark times (Mountain View, Ark.)</subfield></datafield><datafield ind1="1" ind2="4" tag="245"><subfield code="a">The Ozark times.</subfield></datafield><datafield ind1=" " ind2=" " tag="260"><subfield code="a">Mountain View, Stone County, Ark. :</subfield><subfield code="b">S.A. McCullough</subfield></datafield><datafield ind1=" " ind2=" " tag="300"><subfield code="a">v.</subfield></datafield><datafield ind1=" " ind2=" " tag="310"><subfield code="a">Weekly</subfield></datafield><datafield ind1="1" ind2=" " tag="362"><subfield code="a">Began in 1906? Ceased in 1913.</subfield></datafield><datafield ind1=" " ind2=" " tag="588"><subfield code="a">Description based on: Vol. 2, no. 16 (Sept. 6, 1907).</subfield></datafield><datafield ind1=" " ind2=" " tag="752"><subfield code="a">United States</subfield><subfield code="b">Arkansas</subfield><subfield code="c">Stone</subfield><subfield code="d">Mountain View.</subfield></datafield><datafield ind1="0" ind2="4" tag="785"><subfield code="t">Stone County record</subfield><subfield code="w">(DLC)sn 89051043</subfield></datafield></record>